%YAML 1.1
%TAG !u! tag:unity3d.com,2011:
--- !u!244 &-7736175742923561614
AudioMixerEffectController:
  m_ObjectHideFlags: 3
  m_CorrespondingSourceObject: {fileID: 0}
  m_PrefabInstance: {fileID: 0}
  m_PrefabAsset: {fileID: 0}
  m_Name: 
  m_EffectID: dd5d5e56b10504408897366302b724e3
  m_EffectName: Attenuation
  m_MixLevel: 2a5d88d99ecd44ac9ad6e0097829b352
  m_Parameters: []
  m_SendTarget: {fileID: 0}
  m_EnableWetMix: 0
  m_Bypass: 0
--- !u!243 &-5526801836024868795
AudioMixerGroupController:
  m_ObjectHideFlags: 0
  m_CorrespondingSourceObject: {fileID: 0}
  m_PrefabInstance: {fileID: 0}
  m_PrefabAsset: {fileID: 0}
  m_Name: Music
  m_AudioMixer: {fileID: 24100000}
  m_GroupID: 7964be0927a004a6eaf88aff31972870
  m_Children: []
  m_Volume: 447906a461fac48c59bb9d561a4e7d74
  m_Pitch: 60c1e6dca2a57403a957fb3768100b4c
  m_Send: 00000000000000000000000000000000
  m_Effects:
  - {fileID: -7736175742923561614}
  m_UserColorIndex: 0
  m_Mute: 0
  m_Solo: 0
  m_BypassEffects: 0
--- !u!241 &24100000
AudioMixerController:
  m_ObjectHideFlags: 0
  m_CorrespondingSourceObject: {fileID: 0}
  m_PrefabInstance: {fileID: 0}
  m_PrefabAsset: {fileID: 0}
  m_Name: AudioMixer
  m_OutputGroup: {fileID: 0}
  m_MasterGroup: {fileID: 24300002}
  m_Snapshots:
  - {fileID: 24500006}
  m_StartSnapshot: {fileID: 24500006}
  m_SuspendThreshold: -80
  m_EnableSuspend: 1
  m_UpdateMode: 0
  m_ExposedParameters: []
  m_AudioMixerGroupViews:
  - guids:
    - b1bd65a6f624b4c5ab0af02a5f0e1a73
    - 7964be0927a004a6eaf88aff31972870
    - 20c8cc74941b441418ed023ea2df63db
    name: View
  m_CurrentViewIndex: 0
  m_TargetSnapshot: {fileID: 24500006}
--- !u!243 &24300002
AudioMixerGroupController:
  m_ObjectHideFlags: 0
  m_CorrespondingSourceObject: {fileID: 0}
  m_PrefabInstance: {fileID: 0}
  m_PrefabAsset: {fileID: 0}
  m_Name: Master
  m_AudioMixer: {fileID: 24100000}
  m_GroupID: b1bd65a6f624b4c5ab0af02a5f0e1a73
  m_Children:
  - {fileID: -5526801836024868795}
  - {fileID: 8001555202508670835}
  m_Volume: cd25ee86d90084d39921cf56920ab46e
  m_Pitch: 9728a82b879fb4bac9474f1314be02b2
  m_Send: 00000000000000000000000000000000
  m_Effects:
  - {fileID: 24400004}
  m_UserColorIndex: 0
  m_Mute: 0
  m_Solo: 0
  m_BypassEffects: 0
--- !u!244 &24400004
AudioMixerEffectController:
  m_ObjectHideFlags: 3
  m_CorrespondingSourceObject: {fileID: 0}
  m_PrefabInstance: {fileID: 0}
  m_PrefabAsset: {fileID: 0}
  m_Name: 
  m_EffectID: b620a43da11e64de59e65c1a55e095fe
  m_EffectName: Attenuation
  m_MixLevel: 60fa3eaf6b0984284a3e5d6a960355cd
  m_Parameters: []
  m_SendTarget: {fileID: 0}
  m_EnableWetMix: 0
  m_Bypass: 0
--- !u!245 &24500006
AudioMixerSnapshotController:
  m_ObjectHideFlags: 0
  m_CorrespondingSourceObject: {fileID: 0}
  m_PrefabInstance: {fileID: 0}
  m_PrefabAsset: {fileID: 0}
  m_Name: Snapshot
  m_AudioMixer: {fileID: 24100000}
  m_SnapshotID: b1592f69d08b247d8a68c4af8723c9d6
  m_FloatValues:
    cd25ee86d90084d39921cf56920ab46e: -9.833286
  m_TransitionOverrides: {}
--- !u!244 &3229364103239161493
AudioMixerEffectController:
  m_ObjectHideFlags: 3
  m_CorrespondingSourceObject: {fileID: 0}
  m_PrefabInstance: {fileID: 0}
  m_PrefabAsset: {fileID: 0}
  m_Name: 
  m_EffectID: c72fe1a9bb24f4e82b3ba06c7ea2a4ae
  m_EffectName: Attenuation
  m_MixLevel: 67c6c46ae02dc4cdbb1c6cb1a41cd38e
  m_Parameters: []
  m_SendTarget: {fileID: 0}
  m_EnableWetMix: 0
  m_Bypass: 0
--- !u!243 &8001555202508670835
AudioMixerGroupController:
  m_ObjectHideFlags: 0
  m_CorrespondingSourceObject: {fileID: 0}
  m_PrefabInstance: {fileID: 0}
  m_PrefabAsset: {fileID: 0}
  m_Name: Sound
  m_AudioMixer: {fileID: 24100000}
  m_GroupID: 20c8cc74941b441418ed023ea2df63db
  m_Children: []
  m_Volume: d27fc85b54fe344cdb7af139cace96b6
  m_Pitch: 1111fd6a9cda74d659c86bcacc298c0f
  m_Send: 00000000000000000000000000000000
  m_Effects:
  - {fileID: 3229364103239161493}
  m_UserColorIndex: 0
  m_Mute: 0
  m_Solo: 0
  m_BypassEffects: 0
